%YAML 1.1
%TAG !u! tag:unity3d.com,2011:
--- !u!241 &24100000
AudioMixerController:
  m_ObjectHideFlags: 0
  m_CorrespondingSourceObject: {fileID: 0}
  m_PrefabInstance: {fileID: 0}
  m_PrefabAsset: {fileID: 0}
  m_Name: FlowerAudio
  m_OutputGroup: {fileID: 0}
  m_MasterGroup: {fileID: 24300002}
  m_Snapshots:
  - {fileID: 24500006}
  m_StartSnapshot: {fileID: 24500006}
  m_SuspendThreshold: -80
  m_EnableSuspend: 1
  m_UpdateMode: 0
  m_ExposedParameters:
  - guid: ce8da865f6211d74dbbba2ec06e90126
    name: Volume
  m_AudioMixerGroupViews:
  - guids:
    - 37c3e304ab36b7f438d2d52231b61ed2
    - 3fd66c1120f969046ad643725ac289b6
    name: View
  m_CurrentViewIndex: 0
  m_TargetSnapshot: {fileID: 24500006}
--- !u!243 &24300002
AudioMixerGroupController:
  m_ObjectHideFlags: 0
  m_CorrespondingSourceObject: {fileID: 0}
  m_PrefabInstance: {fileID: 0}
  m_PrefabAsset: {fileID: 0}
  m_Name: Master
  m_AudioMixer: {fileID: 24100000}
  m_GroupID: 37c3e304ab36b7f438d2d52231b61ed2
  m_Children:
  - {fileID: 243048075228949416}
  m_Volume: d3c5e4784fc437e42964d0ee5b851892
  m_Pitch: 817e15dc5ebcc354c88e60f1f7346546
  m_Effects:
  - {fileID: 24400004}
  m_UserColorIndex: 0
  m_Mute: 0
  m_Solo: 0
  m_BypassEffects: 0
--- !u!244 &24400004
AudioMixerEffectController:
  m_ObjectHideFlags: 3
  m_CorrespondingSourceObject: {fileID: 0}
  m_PrefabInstance: {fileID: 0}
  m_PrefabAsset: {fileID: 0}
  m_Name: 
  m_EffectID: 15a3b7bedcc361940bb89ebfc2cc31fd
  m_EffectName: Attenuation
  m_MixLevel: fee1922456f938044a3ecc79f7d6d690
  m_Parameters: []
  m_SendTarget: {fileID: 0}
  m_EnableWetMix: 0
  m_Bypass: 0
--- !u!245 &24500006
AudioMixerSnapshotController:
  m_ObjectHideFlags: 0
  m_CorrespondingSourceObject: {fileID: 0}
  m_PrefabInstance: {fileID: 0}
  m_PrefabAsset: {fileID: 0}
  m_Name: Snapshot
  m_AudioMixer: {fileID: 24100000}
  m_SnapshotID: c0034cd4e3a31b54a95ca7a71e729222
  m_FloatValues: {}
  m_TransitionOverrides: {}
--- !u!243 &243048075228949416
AudioMixerGroupController:
  m_ObjectHideFlags: 0
  m_CorrespondingSourceObject: {fileID: 0}
  m_PrefabInstance: {fileID: 0}
  m_PrefabAsset: {fileID: 0}
  m_Name: Mic
  m_AudioMixer: {fileID: 24100000}
  m_GroupID: 3fd66c1120f969046ad643725ac289b6
  m_Children: []
  m_Volume: ce8da865f6211d74dbbba2ec06e90126
  m_Pitch: 63aa235f2911b934684a5932420293b5
  m_Effects:
  - {fileID: 244071099420022058}
  m_UserColorIndex: 0
  m_Mute: 0
  m_Solo: 0
  m_BypassEffects: 0
--- !u!244 &244071099420022058
AudioMixerEffectController:
  m_ObjectHideFlags: 3
  m_CorrespondingSourceObject: {fileID: 0}
  m_PrefabInstance: {fileID: 0}
  m_PrefabAsset: {fileID: 0}
  m_Name: 
  m_EffectID: 0242f30cc2977f7429c7a6da0f9b51f9
  m_EffectName: Attenuation
  m_MixLevel: 7d9da2f36ed7ad240aa8831c9ca4e5eb
  m_Parameters: []
  m_SendTarget: {fileID: 0}
  m_EnableWetMix: 0
  m_Bypass: 0
